@ARTICLE{Kur71,
AUTHOR="{\DJ}uro Kurepa",
TITLE="On The Left Factorial !n",
JOURNAL="Mathematica Balkanica",
VOLUME= "1",

PAGES= "147--153",
YEAR="1971",
}



@BOOK{vzGG99,
  AUTHOR    = "Joachim von Zur Gathen and Jurgen Gerhard", 
  TITLE     = "Modern Computer Algebra",
  PUBLISHER = "Cambridge University Press",
  
  EDITION   = "1",
  YEAR      = "1999",
  
  
}

@Article{Wol62,
AUTHOR="Joseph Wolstenholme",
Title="On Certain Properties of Prime Numbers",
Journal="The Quarterly journal of pure and applied mathematics",
Year="1862",
Pages="35-39",
}


@ARTICLE{CGH14,
AUTHOR="Edgar Costa and Robert Gerbicz and David Harvey",
TITLE ="A search for Wilson primes",
JOURNAL="Mathematics of Computation",
VOLUME = "83",
PAGES= "3071-3091",
Year="2014",
}

@inproceedings{HMS16,
AUTHOR="David Harvey and Maike Massierer and Andrew V. Sutherland",
BOOKTITLE="Computing $L$-series of geometrically hyperelliptic curves of genus three",
TITLE="ANTS XII",
YEAR="2016",
}

@ARTICLE{Har14,
AUTHOR="David Harvey",
TITLE="Counting points on hyperelliptic curves in average polynomial time",
JOURNAL="Annals of Mathematics",
VOLUME="179",
PAGES="783-803",
YEAR="2014",
}

@inproceedings{HS14,
AUTHOR="David Harvey and Andrew V. Sutherland",
BOOKTITLE="Computing Hasse–Witt matrices of hyperelliptic curves in average polynomial time",
TITLE="ANTS XI",
YEAR="2014",
}

@inproceedings{HS16,
AUTHOR="David Harvey and Andrew V. Sutherland",
BOOKTITLE="Computing Hasse–Witt matrices of hyperelliptic curves in average polynomial time, II ",
TITLE="Frobenius distributions: Lang – Trotter and Sato – Tate conjectures",
YEAR="2016",
}

@article{Har15,
author = {David Harvey},
  doi = {10.1112/plms/pdv056},
  url = {https://doi.org/10.1112/plms/pdv056},
  year  = {2015},
  month = {nov},
  publisher = {Oxford University Press ({OUP})},
  volume = {111},
  number = {6},
  pages = {1379--1401},  
  title = {Computing zeta functions of arithmetic schemes},
  journal = {Proceedings of the London Mathematical Society}
}

@inproceedings{MB72,
 author = {Moenck, R. and Borodin, A.},
 title = {Fast Modular Transforms via Division},
 booktitle = {Proceedings of the 13th Annual Symposium on Switching and Automata Theory (Swat 1972)},
 series = {SWAT '72},
 year = {1972},
 pages = {90--96},
 numpages = {7},
 url = {https://doi.org/10.1109/SWAT.1972.5},
 doi = {10.1109/SWAT.1972.5},
 acmid = {1438634},
 publisher = {IEEE Computer Society},
 address = {Washington, DC, USA},
} 
